
@book{agile06,
 title = {Agile Web Development with Rails (The Facets of Ruby Series)},
 author = {Thomas, Dave und Heinemeier-Hansson, David},
 howpublished = {Paperback},
 month = {July},
 publisher = {Pragmatic Bookshelf},
 year = {2006}
}

@book{Gamma:1995:DPE,
 author = {E. Gamma, R. Helm, R. Johnson und J. Vlissides},
 publisher = {Addison-Wesley Professional},
 title = {Design patterns: Elements of Reusable Object-Oriented Software},
 year = {1995}
}

@book{hunt1999,
 author = {Hunt, Andrew und Thomas, David},
 howpublished = {Paperback},
 publisher = {{Addison-Wesley Professional}},
 title = {The Pragmatic Programmer: From Journeyman to Master},
 year = {1999}
}

@book{seagaran2007,
 author = {Segaran, Toby},
 publisher = {{O'Reilly Media, Inc.}},
 title = {Programming Collective Intelligence: Building Smart Web 2.0 Applications},
 year = {2007}
}

@book{storm_europe_1998,
 title = {The Stormrider Guide Europe},
 author = {B. Sutherland, O. Fitzjones und D. Haylock},
 publisher = {Low Pressure Publishing Ltd.},
 year = {1998}
}

@book{storm_world_2004,
 title  = {The World Stormrider Guide},
 author = {Bruce Sutherland, Ollie Fitzjones und Dan Haylock},
 publisher = {Low Pressure Publishing Ltd.},
 year = {2004}
}

@book{fowler99refactoring,
 title = {Refactoring: Improving the Design of Existing Code},
 author = {Martin Fowler},
 publisher = {{Addison-Wesley Professional}},
 year = {1999},
}

@misc{aviation,
 author = "Ed Williams",
 title = "Aviation Formulary",
 year = "2009",
 howpublished = "\url{http://williams.best.vwh.net/avform.htm}"
}

@misc{movable_type_scripts,
 author = "Chris Veness",
 title = "Movable Type Scripts",
 year = "2009",
 howpublished = "\url{http://www.movable-type.co.uk/scripts/latlong.html}"
}

@misc{wiki:agile,
 author = "Wikipedia",
 title = "Agile Softwareentwicklung --- Wikipedia{,} Die freie Enzyklop√§die",
 year = 2009,
 howpublished = "\url{http://de.wikipedia.org/w/index.php?title=Agile_Softwareentwicklung&oldid=61264582}"
}

@misc{wiki:bdd,
 author = "Wikipedia",
 title = "Behavior Driven Development --- Wikipedia{,} The Free Encyclopedia",
 year = "2009",
 howpublished = "\url{http://en.wikipedia.org/w/index.php?title=Behavior_Driven_Development&oldid=296178408}"
}

@misc{wiki:haversine,
 author = "Wikipedia",
 title = "Haversine formula --- Wikipedia{,} The Free Encyclopedia",
 year = "2009",
 howpublished = "\url{http://en.wikipedia.org/w/index.php?title=Haversine_formula&oldid=294524876}"
}

@misc{rspec,
 title = "RSpec - The original Behaviour Driven Development framework for Ruby.",
 howpublished = "\url{http://rspec.info}"
}

@misc{cucumber,
 title = "Cucumber - Behaviour Driven Development with elegance and joy",
 howpublished = "\url{http://cukes.info}"
}




